<?xml version="1.0" encoding="UTF-8"?><record xmlns="http://www.loc.gov/MARC21/slim" xmlns:cinclude="http://apache.org/cocoon/include/1.0" xmlns:zs="http://www.loc.gov/zing/srw/">
  <leader>00379nz  a2200121n  4500</leader>
  <controlfield tag="001">n  93100631 </controlfield>
  <controlfield tag="003">DLC</controlfield>
  <controlfield tag="005">19931013182801.6</controlfield>
  <controlfield tag="008">931013n| acannaab|          |n aaa |||  </controlfield>
  <datafield tag="010" ind1=" " ind2=" ">
    <subfield code="a">n  93100631 </subfield>
  </datafield>
  <datafield tag="040" ind1=" " ind2=" ">
    <subfield code="a">DLC</subfield>
    <subfield code="c">DLC</subfield>
  </datafield>
  <datafield tag="100" ind1="1" ind2="0">
    <subfield code="a">MacCollum, David V.,</subfield>
    <subfield code="d">1923-</subfield>
  </datafield>
  <datafield tag="670" ind1=" " ind2=" ">
    <subfield code="a">His Crane hazards and their prevention, 1993:</subfield>
    <subfield code="b">CIP t.p. (David V. MacCollum, P.E., C.S.P.) data sheet (b. 06-10-23)</subfield>
  </datafield>
</record>